<record><leader>00000cas a22000007a 4500</leader><controlfield tag="001">36377533</controlfield><controlfield tag="008">970212d19951995nmumr ne      0    0eng d</controlfield><datafield ind1=" " ind2=" " tag="010"><subfield code="a">sn 97063501 </subfield></datafield><datafield ind1=" " ind2=" " tag="040"><subfield code="a">NVM</subfield><subfield code="b">eng</subfield><subfield code="c">NVM</subfield><subfield code="d">OCLCQ</subfield><subfield code="d">OCLCF</subfield><subfield code="d">OCLCO</subfield></datafield><datafield ind1="1" ind2=" " tag="029"><subfield code="a">AU@</subfield><subfield code="b">000013092722</subfield></datafield><datafield ind1=" " ind2=" " tag="042"><subfield code="a">msc</subfield></datafield><datafield ind1=" " ind2=" " tag="043"><subfield code="a">n-us-nm</subfield></datafield><datafield ind1="0" ind2="0" tag="245"><subfield code="a">Jemez bugle.</subfield></datafield><datafield ind1=" " ind2=" " tag="260"><subfield code="a">Jemez Springs, N.M. :</subfield><subfield code="b">Cliffhanger Pub.</subfield></datafield><datafield ind1=" " ind2=" " tag="300"><subfield code="a">v.</subfield></datafield><datafield ind1=" " ind2=" " tag="310"><subfield code="a">Monthly</subfield></datafield><datafield ind1="0" ind2=" " tag="362"><subfield code="a">Vol. 1, no. 1 (Feb. 1995).</subfield></datafield><datafield ind1=" " ind2="0" tag="651"><subfield code="a">Jemez Springs (N.M.)</subfield><subfield code="v">Newspapers.</subfield></datafield><datafield ind1=" " ind2="0" tag="651"><subfield code="a">Sandoval County (N.M.)</subfield><subfield code="v">Newspapers.</subfield></datafield><datafield ind1=" " ind2="7" tag="655"><subfield code="a">Newspapers.</subfield><subfield code="2">fast</subfield><subfield code="0">(OCoLC)fst01423814</subfield></datafield><datafield ind1=" " ind2="7" tag="651"><subfield code="a">New Mexico</subfield><subfield code="z">Jemez Springs.</subfield><subfield code="2">fast</subfield><subfield code="0">(OCoLC)fst01275199</subfield></datafield><datafield ind1=" " ind2="7" tag="651"><subfield code="a">New Mexico</subfield><subfield code="z">Sandoval County.</subfield><subfield code="2">fast</subfield><subfield code="0">(OCoLC)fst01216711</subfield></datafield><datafield ind1=" " ind2=" " tag="752"><subfield code="a">United States</subfield><subfield code="b">New Mexico</subfield><subfield code="c">Sandoval</subfield><subfield code="d">Jemez Springs.</subfield></datafield><datafield ind1="0" ind2="0" tag="785"><subfield code="t">Jemez thunder</subfield><subfield code="w">(DLC)sn 97063502</subfield></datafield></record>